<record><leader>00000cas a22000007i 4500</leader><controlfield tag="001">24498233</controlfield><controlfield tag="008">911004d187918uunhuqr pe      0    0eng d</controlfield><datafield ind1=" " ind2=" " tag="010"><subfield code="a">sn 91063277 </subfield></datafield><datafield ind1=" " ind2=" " tag="040"><subfield code="a">NVH</subfield><subfield code="b">eng</subfield><subfield code="e">rda</subfield><subfield code="c">NVH</subfield><subfield code="d">OCLCQ</subfield><subfield code="d">CZL</subfield></datafield><datafield ind1=" " ind2=" " tag="042"><subfield code="a">msc</subfield></datafield><datafield ind1=" " ind2=" " tag="090"><subfield code="a">PN4827</subfield><subfield code="b">.C43 box I-Y</subfield></datafield><datafield ind1="2" ind2=" " tag="110"><subfield code="a">New England Amateur Journalists' Association,</subfield><subfield code="e">issuing body</subfield></datafield><datafield ind1="1" ind2="4" tag="245"><subfield code="a">The New England amateur :</subfield><subfield code="b">official organ of the New England Amateur Journalists' Association</subfield></datafield><datafield ind1="1" ind2=" " tag="246"><subfield code="i">Title at the head of the publisher's statement:</subfield><subfield code="a">N. E,. amateur</subfield></datafield><datafield ind1=" " ind2=" " tag="260"><subfield code="a">Marlborough, N.H. :</subfield><subfield code="b">New England Amateur Journalists' Association,</subfield><subfield code="c">1879-</subfield></datafield><datafield ind1=" " ind2=" " tag="300"><subfield code="a">volumes ;</subfield><subfield code="c">28 cm</subfield></datafield><datafield ind1=" " ind2=" " tag="310"><subfield code="a">Quarterly</subfield></datafield><datafield ind1=" " ind2=" " tag="336"><subfield code="a">text</subfield><subfield code="b">txt</subfield><subfield code="2">rdacontent</subfield></datafield><datafield ind1=" " ind2=" " tag="337"><subfield code="a">unmediated</subfield><subfield code="b">n</subfield><subfield code="2">rdamedia</subfield></datafield><datafield ind1=" " ind2=" " tag="338"><subfield code="a">volume</subfield><subfield code="b">nc</subfield><subfield code="2">rdacarrier</subfield></datafield><datafield ind1="1" ind2=" " tag="362"><subfield code="a">Began with:  Vol. 1, no. 1 (March 15, 1879)</subfield></datafield><datafield ind1=" " ind2=" " tag="500"><subfield code="a">Record of the activities of the New England Amateur Journalists' Association.</subfield></datafield><datafield ind1=" " ind2=" " tag="588"><subfield code="a">Description based on : Vol. 1, no. 1 (March 15, 1879); title from caption.</subfield></datafield><datafield ind1=" " ind2=" " tag="588"><subfield code="a">Latest issue consulted: Vol. 1, no. 2 (June 15, 1879)</subfield></datafield><datafield ind1="2" ind2="0" tag="610"><subfield code="a">New England Amateur Journalists' Association</subfield><subfield code="v">Periodicals.</subfield></datafield><datafield ind1=" " ind2="0" tag="650"><subfield code="a">Amateur journalism</subfield><subfield code="z">New England</subfield><subfield code="v">Periodicals.</subfield></datafield><datafield ind1=" " ind2=" " tag="752"><subfield code="a">United States</subfield><subfield code="b">New Hampshire</subfield><subfield code="c">Cheshire</subfield><subfield code="d">Marlborough.</subfield></datafield></record>